
Main Article
@INPROCEEDINGS{Shafiei2013, 
author={Shafiei, N.}, 
booktitle={Distributed Computing Systems (ICDCS), 2013 IEEE 33rd International Conference on}, 
title={Non-blocking Patricia Tries with Replace Operations}, 
year={2013}, 
month={July}, 
pages={216-225}, 
keywords={multiprocessing programs;shared memory systems;tree data structures;Compare&Swap;asynchronous shared-memory system;data structure;nonblocking Patricia tries;replace operations;Algorithm design and analysis;Arrays;Binary search trees;Java;Search problems;Vegetation;Patricia trie;concurrent data structure;dictionary;lock-free;non-blocking;set;shared memory}, 
doi={10.1109/ICDCS.2013.43}, 
ISSN={1063-6927},}

General technique for non-blocking trees
@article{Brown2014,
 author = {Brown, Trevor and Ellen, Faith and Ruppert, Eric},
 title = {A General Technique for Non-blocking Trees},
 journal = {SIGPLAN Not.},
 issue_date = {August 2014},
 volume = {49},
 number = {8},
 month = feb,
 year = {2014},
 issn = {0362-1340},
 pages = {329--342},
 numpages = {14},
 url = {http://doi.acm.org/10.1145/2692916.2555267},
 doi = {10.1145/2692916.2555267},
 acmid = {2555267},
 publisher = {ACM},
 address = {New York, NY, USA},
 keywords = {balanced binary search tree, chromatic tree, non-blocking, red-black tree, relaxed balance},
} 

Pragmatic Primitives for non-blocking data structures
@inproceedings{Brown2013,
 author = {Brown, Trevor and Ellen, Faith and Ruppert, Eric},
 title = {Pragmatic Primitives for Non-blocking Data Structures},
 booktitle = {Proceedings of the 2013 ACM Symposium on Principles of Distributed Computing},
 series = {PODC '13},
 year = {2013},
 isbn = {978-1-4503-2065-8},
 location = {Montr\&\#233;al, Qu\&\#233;bec, Canada},
 pages = {13--22},
 numpages = {10},
 url = {http://doi.acm.org/10.1145/2484239.2484273},
 doi = {10.1145/2484239.2484273},
 acmid = {2484273},
 publisher = {ACM},
 address = {New York, NY, USA},
 keywords = {load-link/store-conditional, multiset, non-blocking},
} 

Non-blocking internal binary search tree
@inproceedings{Howley2012,
 author = {Howley, Shane V. and Jones, Jeremy},
 title = {A Non-blocking Internal Binary Search Tree},
 booktitle = {Proceedings of the Twenty-fourth Annual ACM Symposium on Parallelism in Algorithms and Architectures},
 series = {SPAA '12},
 year = {2012},
 isbn = {978-1-4503-1213-4},
 location = {Pittsburgh, Pennsylvania, USA},
 pages = {161--171},
 numpages = {11},
 url = {http://doi.acm.org/10.1145/2312005.2312036},
 doi = {10.1145/2312005.2312036},
 acmid = {2312036},
 publisher = {ACM},
 address = {New York, NY, USA},
 keywords = {concurrency, data structures, multi-processing},
} 

Fast concurrent lock-free binary trees
@article{Natarajan2014,
 author = {Natarajan, Aravind and Mittal, Neeraj},
 title = {Fast Concurrent Lock-free Binary Search Trees},
 journal = {SIGPLAN Not.},
 issue_date = {August 2014},
 volume = {49},
 number = {8},
 month = feb,
 year = {2014},
 issn = {0362-1340},
 pages = {317--328},
 numpages = {12},
 url = {http://doi.acm.org/10.1145/2692916.2555256},
 doi = {10.1145/2692916.2555256},
 acmid = {2555256},
 publisher = {ACM},
 address = {New York, NY, USA},
 keywords = {binary search tree, concurrent data structure, lock-free algorithm},
} 

Parallel suffix tree Construction
@article{Shun2014,
  title={A simple parallel cartesian tree algorithm and its application to parallel suffix tree construction},
  author={Shun, Julian and Blelloch, Guy E},
  journal={ACM Transactions on Parallel Computing},
  volume={1},
  number={1},
  pages={8},
  year={2014},
  publisher={ACM}
}

@misc{RustIntro,
  title = {A 30-minute Introduction to Rust},
  howpublished = {\url{http://doc.rust-lang.org/nightly/intro.html}},
  note = {Accessed: 2015-03-24},
}

@misc{MozillaResearch,
  title = {Mozilla Research Projects},
  howpublished = {\url{https://www.mozilla.org/en-US/research/projects/}},
  note = {Accessed: 2015-03-24},
}

Source code of a Patricia Trie in Java
@misc{PATSource,
  author = {Kapsi, Roger},
  title = {Patricia Trie},
  year = {2010},
  publisher = {Google Code},
  journal = {Google Code Repository},
  howpublished = {\url{https://code.google.com/p/patricia-trie/}},
  revision = {r109}
}
